%
%  An example of a bibliographical database for bibTeX
%
%  Recommended software for maintenance of *.bib files:
%    JabRef, http://jabref.sourceforge.net/
%
%  BEWARE:
%
%    *  If a name contains a capital letter, which must be kept such,
%       use curly brackets ({T}hailand, {HIV}).
%
%  ===========================================================================





@INPROCEEDINGS{bib:resnet,
  title = {Deep residual learning for image recognition},
  author = {Kaiming He, Xiangyu Zhang, Shaoqing Ren, and Jian Sun},
  booktitle = {IEEE Conference on Computer Vision and Pattern Recognition (CVPR)},
  publisher = {{IEEE} Computer Society},
  address = {Las Vegas, NV, USA},
  year = {2016},
  pages = {770--778},
  ISBN = {978-1-4673-8851-1}
}

@book{bib:dlbook,
    title={Deep Learning},
    author={Ian Goodfellow and Yoshua Bengio and Aaron Courville},
    publisher={MIT Press},
    note={\url{http://www.deeplearningbook.org}},
    year={2016}
}

@article{bib:vgg,
  title={Very deep convolutional networks for large-scale image recognition},
  author={Simonyan, Karen and Zisserman, Andrew},
  journal={arXiv preprint arXiv:1409.1556},
  year={2014}
}

@inproceedings{bib:alexnet,
  title={Imagenet classification with deep convolutional neural networks},
  author={Krizhevsky, Alex and Sutskever, Ilya and Hinton, Geoffrey E},
  booktitle={Advances in neural information processing systems},
  pages={1097--1105},
  year={2012}
}

@article{bib:canziani2016analysis,
  title={An analysis of deep neural network models for practical applications},
  author={Canziani, Alfredo and Paszke, Adam and Culurciello, Eugenio},
  journal={arXiv preprint arXiv:1605.07678},
  year={2016}
}

@inproceedings{bib:nasnet,
  title={Learning transferable architectures for scalable image recognition},
  author={Zoph, Barret and Vasudevan, Vijay and Shlens, Jonathon and Le, Quoc V},
  booktitle={Proceedings of the IEEE conference on computer vision and pattern recognition},
  pages={8697--8710},
  year={2018}
}
